<?xml version="1.0" encoding="UTF-8"?><record xmlns="http://www.loc.gov/MARC21/slim" xmlns:cinclude="http://apache.org/cocoon/include/1.0" xmlns:zs="http://www.loc.gov/zing/srw/">
  <leader>00766nz  a2200217n  4500</leader>
  <controlfield tag="001">no2015027969</controlfield>
  <controlfield tag="003">DLC</controlfield>
  <controlfield tag="005">20150303073607.0</controlfield>
  <controlfield tag="008">150302n| azannaabn          |n aaa     c</controlfield>
  <datafield tag="010" ind1=" " ind2=" ">
    <subfield code="a">no2015027969</subfield>
  </datafield>
  <datafield tag="035" ind1=" " ind2=" ">
    <subfield code="a">(OCoLC)oca10101183</subfield>
  </datafield>
  <datafield tag="040" ind1=" " ind2=" ">
    <subfield code="a">ICrlF</subfield>
    <subfield code="b">eng</subfield>
    <subfield code="e">rda</subfield>
    <subfield code="c">ICrlF</subfield>
  </datafield>
  <datafield tag="100" ind1="1" ind2=" ">
    <subfield code="a">Dennis, Aaron</subfield>
  </datafield>
  <datafield tag="370" ind1=" " ind2=" ">
    <subfield code="e">Traverse City (Mich.)</subfield>
  </datafield>
  <datafield tag="372" ind1=" " ind2=" ">
    <subfield code="a">Documentary film industry</subfield>
  </datafield>
  <datafield tag="373" ind1=" " ind2=" ">
    <subfield code="a">Stone Hut Studios (Firm)</subfield>
  </datafield>
  <datafield tag="374" ind1=" " ind2=" ">
    <subfield code="a">Film producer</subfield>
    <subfield code="a">Screenwriter</subfield>
    <subfield code="a">Film editor</subfield>
    <subfield code="a">Cinematographer</subfield>
  </datafield>
  <datafield tag="375" ind1=" " ind2=" ">
    <subfield code="a">male</subfield>
  </datafield>
  <datafield tag="377" ind1=" " ind2=" ">
    <subfield code="a">eng</subfield>
  </datafield>
  <datafield tag="670" ind1=" " ind2=" ">
    <subfield code="a">Connected by coffee [VR], 2014:</subfield>
    <subfield code="b">container (filmed, produced, edited, and written by Aaron Dennis)</subfield>
  </datafield>
  <datafield tag="670" ind1=" " ind2=" ">
    <subfield code="a">Stone Hut Studios WWW site, Feb. 27, 2015</subfield>
    <subfield code="b">(formed by filmmaker Aaron Dennis in 2011; based in Traverse City, Mich.)</subfield>
  </datafield>
</record>